@inproceedings{rehurek_lrec,
    title = {{Software Framework for Topic Modelling with Large Corpora}},
    author = {Radim {\v R}eh{\r u}{\v r}ek and Petr Sojka},
    booktitle = {{Proceedings of the LREC 2010 Workshop on New
         Challenges for NLP Frameworks}},
    pages = {45--50},
    year = 2010,
    month = May,
    day = 22,
    publisher = {ELRA},
    address = {Valletta, Malta},
    language={English}
}

@inproceedings{opensubs,
    title = {{OpenSubtitles2016: Extracting Large Parallel Corpora from Movie and TV Subtitles}},
    author = {P. Lison and J. Tiedemann},
    booktitle = {{Proceedings of the 10th International Conference on Language Resources and Evaluation (LREC 2016)}},
    year = 2016,
}

@article{LSTM,
 author = {Hochreiter, Sepp and Schmidhuber, J\"{u}rgen},
 title = {Long Short-Term Memory},
 journal = {Neural Comput.},
 issue_date = {November 15, 1997},
 volume = {9},
 number = {8},
 month = nov,
 year = {1997},
 issn = {0899-7667},
 pages = {1735--1780},
 numpages = {46},
 url = {http://dx.doi.org/10.1162/neco.1997.9.8.1735},
 doi = {10.1162/neco.1997.9.8.1735},
 acmid = {1246450},
 publisher = {MIT Press},
 address = {Cambridge, MA, USA},
} 


@misc{Word2vec,
Author = {Tomas Mikolov and Kai Chen and Greg Corrado and Jeffrey Dean},
Title = {Efficient Estimation of Word Representations in Vector Space},
Year = {2013},
Eprint = {arXiv:1301.3781},
}

@misc{Keras,
  title={Keras},
  author={Chollet, Fran\c{c}ois and others},
  year={2015},
  howpublished={\url{https://keras.io}},
}

@misc{Tensorflow,
title={ {TensorFlow}: Large-Scale Machine Learning on Heterogeneous Systems},
url={https://www.tensorflow.org/},
note={Software available from tensorflow.org},
author={
    Mart\'{\i}n~Abadi and
    Ashish~Agarwal and
    Paul~Barham and
    Eugene~Brevdo and
    Zhifeng~Chen and
    Craig~Citro and
    Greg~S.~Corrado and
    Andy~Davis and
    Jeffrey~Dean and
    Matthieu~Devin and
    Sanjay~Ghemawat and
    Ian~Goodfellow and
    Andrew~Harp and
    Geoffrey~Irving and
    Michael~Isard and
    Yangqing Jia and
    Rafal~Jozefowicz and
    Lukasz~Kaiser and
    Manjunath~Kudlur and
    Josh~Levenberg and
    Dandelion~Man\'{e} and
    Rajat~Monga and
    Sherry~Moore and
    Derek~Murray and
    Chris~Olah and
    Mike~Schuster and
    Jonathon~Shlens and
    Benoit~Steiner and
    Ilya~Sutskever and
    Kunal~Talwar and
    Paul~Tucker and
    Vincent~Vanhoucke and
    Vijay~Vasudevan and
    Fernanda~Vi\'{e}gas and
    Oriol~Vinyals and
    Pete~Warden and
    Martin~Wattenberg and
    Martin~Wicke and
    Yuan~Yu and
    Xiaoqiang~Zheng},
  year={2015},
}