@book{Gusfield:97,
    author  = {Dan Gusfield},
    title   = {Algorithms on Strings, Trees and Sequences},
    year    = "1997",
    publisher = {Cambridge University Press},
    address = {Cambridge, UK}
}

@inproceedings{rehurek_lrec,
    title = {{Software Framework for Topic Modelling with Large Corpora}},
    author = {Radim {\v R}eh{\r u}{\v r}ek and Petr Sojka},
    booktitle = {{Proceedings of the LREC 2010 Workshop on New
         Challenges for NLP Frameworks}},
    pages = {45--50},
    year = 2010,
    month = May,
    day = 22,
    publisher = {ELRA},
    address = {Valletta, Malta},
    language={English}
}

@inproceedings{opensubs,
    title = {{OpenSubtitles2016: Extracting Large Parallel Corpora from Movie and TV Subtitles}},
    author = {P. Lison and J. Tiedemann},
    booktitle = {{Proceedings of the 10th International Conference on Language Resources and Evaluation (LREC 2016)}},
    year = 2016,
}
